% ------------------------------------------------------------------------
% SAMPLE BIBLIOGRAPHY FILE
% ------------------------------------------------------------------------
% Books:
@book{Keener:1998:MP:289685,
 author = {Keener, James and Sneyd, James},
 title = {Mathematical Physiology},
 year = {1998},
 isbn = {0-387-98381-3},
 publisher = {Springer-Verlag},
 address = {Berlin, Heidelberg},
} 

@book{radarSignalsLevanon,
author = {Levanon, Nadav and Mozeson, Eli},
year = {2004},
month = {08},
pages = {},
title = {Radar Signals},
isbn = {9780471473787},
doi = {10.1002/0471663085}
}

@book{anderson2012optimal,
  title={Optimal filtering},
  author={Anderson, Brian DO and Moore, John B},
  year={2012},
  publisher={Courier Corporation}
}

@COMMENT { BibTex package created from National Library of Australia Catalogue https://catalogue.nla.gov.au  }
@Book{ nla.cat-vn941564,
author = { Anderson, Brian D. O. and Moore, John B. },
title = { Optimal filtering / Brian D. O. Anderson, John B. Moore },
isbn = { 0136381227 },
publisher = { Prentice-Hall Englewood Cliffs, N.J },
pages = { x, 357 p. ; },
year = { 1979 },
type = { Book },
language = { English },
subjects = { Signal processing.; Electric filters. },
life-dates = { 1979 -  },
catalogue-url = { https://nla.gov.au/nla.cat-vn941564 },
}

@book{simon2006optimal,
  title={Optimal state estimation: Kalman, H infinity, and nonlinear approaches},
  author={Simon, Dan},
  year={2006},
  publisher={John Wiley \& Sons}
}

@book{astrom2010feedback,
  title={Feedback systems: an introduction for scientists and engineers},
  author={Astr{\"o}m, Karl Johan and Murray, Richard M},
  year={2010},
  publisher={Princeton university press}
}

@article{aastrom2014control,
  title={Control: A perspective.},
  author={{\AA}str{\"o}m, Karl Johan and Kumar, Panganamala Ramana},
  journal={Automatica},
  volume={50},
  number={1},
  pages={3--43},
  year={2014}
}

@book{barber2012bayesian,
  title={Bayesian reasoning and machine learning},
  author={Barber, David},
  year={2012},
  publisher={Cambridge University Press}
}

@book{glass1988clocks,
  title={From clocks to chaos: The rhythms of life},
  author={Glass, Leon and Mackey, Michael C},
  year={1988},
  publisher={Princeton University Press}
}


@book{Murray2002,
  added-at = {2011-01-13T13:26:12.000+0100},
  address = {New York},
  author = {Murray, James D.},
  biburl = {https://www.bibsonomy.org/bibtex/24ce4d3b638dfb74047831975a2c9a4b3/rincedd},
  doi = {10.1007/b98868},
  edition = 3,
  file = {:murray j.d. mathematical biology.. i. an introduction (3ed., springer, 2002)(576s).pdf:PDF},
  interhash = {b84ca2a0b50b723b2a740dad70395b31},
  intrahash = {4ce4d3b638dfb74047831975a2c9a4b3},
  keywords = {mathematical-biology epidemics epidemiology},
  publisher = {Springer},
  series = {Interdisciplinary Applied Mathematics},
  timestamp = {2011-01-13T13:26:12.000+0100},
  title = {Mathematical Biology I. An Introduction},
  volume = 17,
  year = 2002
}

@BOOK{1987iptm.book.....T,
       author = {{Tarantola}, Albert},
        title = "{Inverse problem theory. Methods for data fitting and model parameter estimation}",
         year = "1987",
       adsurl = {https://ui.adsabs.harvard.edu/abs/1987iptm.book.....T},
      adsnote = {Provided by the SAO/NASA Astrophysics Data System}
}

@book{beal2003variational,
  title={Variational algorithms for approximate Bayesian inference},
  author={Beal, Matthew James and others},
  year={2003},
  publisher={university of London London}
}

@article{LjungSystemBook,
author = {Simpkins, Charles},
year = {2012},
month = {06},
pages = {95-96},
title = {System Identification: Theory for the User, 2nd Edition (Ljung, L.; 1999) [On the Shelf]},
volume = {19},
journal = {Robotics & Automation Magazine, IEEE},
doi = {10.1109/MRA.2012.2192817}
}

% articles:
@inproceedings{goodfellow2014generative,
  title={Generative adversarial nets},
  author={Goodfellow, Ian and Pouget-Abadie, Jean and Mirza, Mehdi and Xu, Bing and Warde-Farley, David and Ozair, Sherjil and Courville, Aaron and Bengio, Yoshua},
  booktitle={Advances in neural information processing systems},
  pages={2672--2680},
  year={2014}
}

@inproceedings{arjovsky2017wasserstein,
  title={Wasserstein generative adversarial networks},
  author={Arjovsky, Martin and Chintala, Soumith and Bottou, L{\'e}on},
  booktitle={International conference on machine learning},
  pages={214--223},
  year={2017}
}

@inproceedings{chen2016infogan,
  title={Infogan: Interpretable representation learning by information maximizing generative adversarial nets},
  author={Chen, Xi and Duan, Yan and Houthooft, Rein and Schulman, John and Sutskever, Ilya and Abbeel, Pieter},
  booktitle={Advances in neural information processing systems},
  pages={2172--2180},
  year={2016}
}


@InProceedings{pmlr-v70-shalit17a,
  title = 	 {Estimating individual treatment effect: generalization bounds and algorithms},
  author = 	 {Uri Shalit and Fredrik D. Johansson and David Sontag},
  booktitle = 	 {Proceedings of the 34th International Conference on Machine Learning},
  pages = 	 {3076--3085},
  year = 	 {2017},
  editor = 	 {Doina Precup and Yee Whye Teh},
  volume = 	 {70},
  series = 	 {Proceedings of Machine Learning Research},
  address = 	 {International Convention Centre, Sydney, Australia},
  month = 	 {06--11 Aug},
  publisher = 	 {PMLR},
  pdf = 	 {http://proceedings.mlr.press/v70/shalit17a/shalit17a.pdf},
  url = 	 {http://proceedings.mlr.press/v70/shalit17a.html},
  abstract = 	 {There is intense interest in applying machine learning to problems of causal inference in fields such as healthcare, economics and education. In particular, individual-level causal inference has important applications such as precision medicine. We give a new theoretical analysis and family of algorithms for predicting individual treatment effect (ITE) from observational data, under the assumption known as strong ignorability. The algorithms learn a “balanced” representation such that the induced treated and control distributions look similar, and we give a novel and intuitive generalization-error bound showing the expected ITE estimation error of a representation is bounded by a sum of the standard generalization-error of that representation and the distance between the treated and control distributions induced by the representation. We use Integral Probability Metrics to measure distances between distributions, deriving explicit bounds for the Wasserstein and Maximum Mean Discrepancy (MMD) distances. Experiments on real and simulated data show the new algorithms match or outperform the state-of-the-art.}
}

@article{LJUNG1994265,
title = "On global identifiability for arbitrary model parametrizations",
journal = "Automatica",
volume = "30",
number = "2",
pages = "265 - 276",
year = "1994",
issn = "0005-1098",
doi = "https://doi.org/10.1016/0005-1098(94)90029-9",
url = "http://www.sciencedirect.com/science/article/pii/0005109894900299",
author = "Lennart Ljung and Torkel Glad",
keywords = "Differential algebra, excitation condition, global identifiability, nonlinear systems",
abstract = "It is a fundamental problem of identification to be able—even before the data have been analyzed—to decide if all the free parameters of a model structure can be uniquely recovered from data. This is the issue of global identifiability. In this contribution we show how global identifiability for an arbitrary model structure (basically with analytic non-linearities) can be analyzed using concepts and algorithms from differential algebra. It is shown how the question of global structural identifiability is reduced to the question of whether the given model structure can be rearranged as a linear regression. An explicit algorithm to test this is also given. Furthermore, the question of ‘persistent excitation’ for the input can also be tested explicitly is a similar fashion. The algorithms involved are very well suited for implementation in computer algebra. One such implementation is also described."
}

@inproceedings{kurutach2018learning,
  title={Learning plannable representations with causal infogan},
  author={Kurutach, Thanard and Tamar, Aviv and Yang, Ge and Russell, Stuart J and Abbeel, Pieter},
  booktitle={Advances in Neural Information Processing Systems},
  pages={8733--8744},
  year={2018}
}

@article{smith2004minimal,
  title={Minimal haemodynamic system model including ventricular interaction and valve dynamics},
  author={Smith, Bram W and Chase, J Geoffrey and Nokes, Roger I and Shaw, Geoffrey M and Wake, Graeme},
  journal={Medical engineering \& physics},
  volume={26},
  number={2},
  pages={131--139},
  year={2004},
  publisher={Elsevier}
}

@article{smith2007simulation,
  title={Simulation of cardiovascular system diseases by including the autonomic nervous system into a minimal model},
  author={Smith, Bram W and Andreassen, Steen and Shaw, Geoffrey M and Jensen, Per L and Rees, Stephen E and Chase, J Geoffrey},
  journal={Computer methods and programs in biomedicine},
  volume={86},
  number={2},
  pages={153--160},
  year={2007},
  publisher={Elsevier}
}

@article{quinn2008factorial,
  title={Factorial switching linear dynamical systems applied to physiological condition monitoring},
  author={Quinn, John A and Williams, Christopher KI and McIntosh, Neil},
  journal={IEEE Transactions on Pattern Analysis and Machine Intelligence},
  volume={31},
  number={9},
  pages={1537--1551},
  year={2008},
  publisher={IEEE}
}

@article{zenker2007inverse,
  title={From inverse problems in mathematical physiology to quantitative differential diagnoses},
  author={Zenker, Sven and Rubin, Jonathan and Clermont, Gilles},
  journal={PLoS computational biology},
  volume={3},
  number={11},
  pages={e204},
  year={2007},
  publisher={Public Library of Science}
}

@article{ioslovich2004dominant,
  title={Dominant parameter selection in the marginally identifiable case},
  author={Ioslovich, Ilya and Gutman, Per-Olof and Seginer, Ido},
  journal={Mathematics and Computers in Simulation},
  volume={65},
  number={1-2},
  pages={127--136},
  year={2004},
  publisher={Elsevier}
}

@article{wu2004modeling,
  title={Modeling and decoding motor cortical activity using a switching Kalman filter},
  author={Wu, Wei and Black, Michael J and Mumford, David and Gao, Yun and Bienenstock, Elie and Donoghue, John P},
  journal={IEEE transactions on biomedical engineering},
  volume={51},
  number={6},
  pages={933--942},
  year={2004},
  publisher={IEEE}
}

@article{li2014physiological,
  title={A physiological time series dynamics-based approach to patient monitoring and outcome prediction},
  author={Li-wei, H Lehman and Adams, Ryan P and Mayaud, Louis and Moody, George B and Malhotra, Atul and Mark, Roger G and Nemati, Shamim},
  journal={IEEE journal of biomedical and health informatics},
  volume={19},
  number={3},
  pages={1068--1076},
  year={2014},
  publisher={IEEE}
}

@article{ghassemi2017predicting,
  title={Predicting intervention onset in the ICU with switching state space models},
  author={Ghassemi, Marzyeh and Wu, Mike and Hughes, Michael C and Szolovits, Peter and Doshi-Velez, Finale},
  journal={AMIA Summits on Translational Science Proceedings},
  volume={2017},
  pages={82},
  year={2017},
  publisher={American Medical Informatics Association}
}

@article{quinn2010physiological,
  title={Physiological monitoring with factorial switching linear dynamical systems},
  author={Quinn, J and Williams, C},
  journal={Probabilistic Methods for Time-Series Analysis},
  year={2010}
}

@article{hann2005efficient,
  title={Efficient implementation of non-linear valve law and ventricular interaction dynamics in the minimal cardiac model},
  author={Hann, Christopher E and Chase, J Geoffrey and Shaw, Geoffrey M},
  journal={Computer methods and programs in biomedicine},
  volume={80},
  number={1},
  pages={65--74},
  year={2005},
  publisher={Elsevier}
}

@article{kim1994dynamic,
  title={Dynamic linear models with Markov-switching},
  author={Kim, Chang-Jin},
  journal={Journal of Econometrics},
  volume={60},
  number={1-2},
  pages={1--22},
  year={1994},
  publisher={Elsevier}
}

@inproceedings{barber2007unified,
  title={Unified inference for variational Bayesian linear Gaussian state-space models},
  author={Barber, David and Chiappa, Silvia},
  booktitle={Advances in Neural Information Processing Systems},
  pages={81--88},
  year={2007}
}



@article{barber2011inference,
  title={Inference and estimation in probabilistic time series models},
  author={Barber, David and Cemgil, A Taylan and Chiappa, Silvia},
  journal={Bayesian Time Series Models},
  volume={1},
  year={2011},
  publisher={Cambridge University Press}
}

@article{georgatzis2015discriminative,
  title={Discriminative switching linear dynamical systems applied to physiological condition monitoring},
  author={Georgatzis, Konstantinos and Williams, Christopher KI},
  journal={arXiv preprint arXiv:1504.06494},
  year={2015}
}

@article{chase2018next,
  title={Next-generation, personalised, model-based critical care medicine: a state-of-the art review of in silico virtual patient models, methods, and cohorts, and how to validation them},
  author={Chase, J Geoffrey and Preiser, Jean-Charles and Dickson, Jennifer L and Pironet, Antoine and Chiew, Yeong Shiong and Pretty, Christopher G and Shaw, Geoffrey M and Benyo, Balazs and Moeller, Knut and Safaei, Soroush and others},
  journal={Biomedical engineering online},
  volume={17},
  number={1},
  pages={24},
  year={2018},
  publisher={BioMed Central}
}

@article{revie2013validation,
  title={Validation of subject-specific cardiovascular system models from porcine measurements},
  author={Revie, James A and Stevenson, David J and Chase, J Geoffrey and Hann, Christopher E and Lambermont, Bernard C and Ghuysen, Alexandre and Kolh, Philippe and Shaw, Geoffrey M and Heldmann, Stefan and Desaive, Thomas},
  journal={Computer methods and programs in biomedicine},
  volume={109},
  number={2},
  pages={197--210},
  year={2013},
  publisher={Elsevier}
}

@article{marquis2018practical,
  title={Practical identifiability and uncertainty quantification of a pulsatile cardiovascular model},
  author={Marquis, Andrew D and Arnold, Andrea and Dean-Bernhoft, Caron and Carlson, Brian E and Olufsen, Mette S},
  journal={Mathematical biosciences},
  volume={304},
  pages={9--24},
  year={2018},
  publisher={Elsevier}
}

@article{olufsen2013practical,
  title={A practical approach to parameter estimation applied to model predicting heart rate regulation},
  author={Olufsen, Mette S and Ottesen, Johnny T},
  journal={Journal of mathematical biology},
  volume={67},
  number={1},
  pages={39--68},
  year={2013},
  publisher={Springer}
}

@article{pironet2016structural,
  title={Structural identifiability analysis of a cardiovascular system model},
  author={Pironet, Antoine and Dauby, Pierre C and Chase, J Geoffrey and Docherty, Paul D and Revie, James A and Desaive, Thomas},
  journal={Medical engineering \& physics},
  volume={38},
  number={5},
  pages={433--441},
  year={2016},
  publisher={Elsevier}
}

@article{revie2013evaluation,
  title={Evaluation of a model-based hemodynamic monitoring method in a porcine study of septic shock},
  author={Revie, James A and Stevenson, David and Chase, J Geoffrey and Pretty, Chris J and Lambermont, Bernard C and Ghuysen, Alexandre and Kolh, Philippe and Shaw, Geoffrey M and Desaive, Thomas},
  journal={Computational and mathematical methods in medicine},
  volume={2013},
  year={2013},
  publisher={Hindawi}
}

@article{starfinger2007model,
  title={Model-based cardiac diagnosis of pulmonary embolism},
  author={Starfinger, Christina and Hann, Christopher E and Chase, J Geoffrey and Desaive, Thomas and Ghuysen, Alexandre and Shaw, Geoffrey M},
  journal={Computer methods and programs in biomedicine},
  volume={87},
  number={1},
  pages={46--60},
  year={2007},
  publisher={Elsevier}
}

@article{williams2019optimal,
  title={An optimal control approach for blood pressure regulation during head-up tilt},
  author={Williams, Nakeya D and Mehlsen, Jesper and Tran, Hien T and Olufsen, Mette S},
  journal={Biological cybernetics},
  volume={113},
  number={1-2},
  pages={149--159},
  year={2019},
  publisher={Springer}
}

@inproceedings{che2018hierarchical,
  title={Hierarchical deep generative models for multi-rate multivariate time series},
  author={Che, Zhengping and Purushotham, Sanjay and Li, Guangyu and Jiang, Bo and Liu, Yan},
  booktitle={International Conference on Machine Learning},
  pages={783--792},
  year={2018}
}

@inproceedings{adate2019s,
  title={S-LSTM-GAN: Shared Recurrent Neural Networks with Adversarial Training},
  author={Adate, Amit and Tripathy, BK},
  booktitle={Proceedings of the 2nd International Conference on Data Engineering and Communication Technology},
  pages={107--115},
  year={2019},
  organization={Springer}
}

@article{doucet2009tutorial,
  title={A tutorial on particle filtering and smoothing: Fifteen years later},
  author={Doucet, Arnaud and Johansen, Adam M},
  journal={Handbook of nonlinear filtering},
  volume={12},
  number={656-704},
  pages={3},
  year={2009}
}

@article{barber2006expectation,
  title={Expectation correction for smoothed inference in switching linear dynamical systems},
  author={Barber, David},
  journal={Journal of Machine Learning Research},
  volume={7},
  number={Nov},
  pages={2515--2540},
  year={2006}
}

@article{becker2019switching,
  title={Switching Linear Dynamics for Variational Bayes Filtering},
  author={Becker-Ehmck, Philip and Peters, Jan and Van Der Smagt, Patrick},
  journal={arXiv preprint arXiv:1905.12434},
  year={2019}
}

@article{mirza2014conditional,
  title={Conditional generative adversarial nets},
  author={Mirza, Mehdi and Osindero, Simon},
  journal={arXiv preprint arXiv:1411.1784},
  year={2014}
}

@Article{Thomas2019,
author="Thomas, Peter J.
and Olufsen, Mette
and Sepulchre, Rodolphe
and Iglesias, Pablo A.
and Ijspeert, Auke
and Srinivasan, Manoj",
title="Control theory in biology and medicine",
journal="Biological Cybernetics",
year="2019",
month="Apr",
day="01",
volume="113",
number="1",
pages="1--6",
abstract="From September--December 2017, the Mathematical Biosciences Institute at Ohio State University hosted a series of workshops on control theory in biology and medicine, including workshops on control and modulation of neuronal and motor systems, control of cellular and molecular systems, control of disease / personalized medicine across heterogeneous populations, and sensorimotor control of animals and robots. This special issue presents tutorials and research articles by several of the participants in the MBI workshops.",
issn="1432-0770",
doi="10.1007/s00422-018-00791-5",
url="https://doi.org/10.1007/s00422-018-00791-5"
}

@inproceedings{sonderby2016ladder,
  title={Ladder variational autoencoders},
  author={S{\o}nderby, Casper Kaae and Raiko, Tapani and Maal{\o}e, Lars and S{\o}nderby, S{\o}ren Kaae and Winther, Ole},
  booktitle={Advances in neural information processing systems},
  pages={3738--3746},
  year={2016}
}

@article{higgins2017beta,
  title={beta-VAE: Learning Basic Visual Concepts with a Constrained Variational Framework.},
  author={Higgins, Irina and Matthey, Loic and Pal, Arka and Burgess, Christopher and Glorot, Xavier and Botvinick, Matthew and Mohamed, Shakir and Lerchner, Alexander},
  journal={ICLR},
  volume={2},
  number={5},
  pages={6},
  year={2017}
}

@article{bowman2015generating,
  title={Generating sentences from a continuous space},
  author={Bowman, Samuel R and Vilnis, Luke and Vinyals, Oriol and Dai, Andrew M and Jozefowicz, Rafal and Bengio, Samy},
  journal={arXiv preprint arXiv:1511.06349},
  year={2015}
}

@article{chen2016variational,
  title={Variational lossy autoencoder},
  author={Chen, Xi and Kingma, Diederik P and Salimans, Tim and Duan, Yan and Dhariwal, Prafulla and Schulman, John and Sutskever, Ilya and Abbeel, Pieter},
  journal={arXiv preprint arXiv:1611.02731},
  year={2016}
}

@article{kingma2013auto,
  title={Auto-encoding variational bayes},
  author={Kingma, Diederik P and Welling, Max},
  journal={arXiv preprint arXiv:1312.6114},
  year={2013}
}

@inproceedings{hoffman2017beta,
  title={The $\beta$-VAE’s Implicit Prior},
  author={Hoffman, Matthew D and Riquelme, Carlos and Johnson, Matthew J},
  booktitle={Workshop on Bayesian Deep Learning, NIPS},
  pages={1--5},
  year={2017}
}

@article{DBLP:journals/corr/abs-1804-02476,
  author    = {Alex Graves and
               Jacob Menick and
               A{\"{a}}ron van den Oord},
  title     = {Associative Compression Networks for Representation Learning},
  journal   = {CoRR},
  volume    = {abs/1804.02476},
  year      = {2018},
  url       = {http://arxiv.org/abs/1804.02476},
  archivePrefix = {arXiv},
  eprint    = {1804.02476},
  timestamp = {Mon, 13 Aug 2018 16:47:16 +0200},
  biburl    = {https://dblp.org/rec/bib/journals/corr/abs-1804-02476},
  bibsource = {dblp computer science bibliography, https://dblp.org}
}

@ARTICLE{2018arXiv180403599B,
       author = {{Burgess}, Christopher P. and {Higgins}, Irina and {Pal}, Arka and
         {Matthey}, Loic and {Watters}, Nick and {Desjardins}, Guillaume and
         {Lerchner}, Alexander},
        title = "{Understanding disentangling in $\beta$-VAE}",
      journal = {arXiv e-prints},
     keywords = {Statistics - Machine Learning, Computer Science - Artificial Intelligence, Computer Science - Machine Learning},
         year = "2018",
        month = "Apr",
          eid = {arXiv:1804.03599},
        pages = {arXiv:1804.03599},
archivePrefix = {arXiv},
       eprint = {1804.03599},
 primaryClass = {stat.ML},
       adsurl = {https://ui.adsabs.harvard.edu/abs/2018arXiv180403599B},
      adsnote = {Provided by the SAO/NASA Astrophysics Data System}
}


@ARTICLE{2017arXiv170400028G,
       author = {{Gulrajani}, Ishaan and {Ahmed}, Faruk and {Arjovsky}, Martin and
         {Dumoulin}, Vincent and {Courville}, Aaron},
        title = "{Improved Training of Wasserstein GANs}",
      journal = {arXiv e-prints},
     keywords = {Computer Science - Machine Learning, Statistics - Machine Learning},
         year = "2017",
        month = "Mar",
          eid = {arXiv:1704.00028},
        pages = {arXiv:1704.00028},
archivePrefix = {arXiv},
       eprint = {1704.00028},
 primaryClass = {cs.LG},
       adsurl = {https://ui.adsabs.harvard.edu/abs/2017arXiv170400028G},
      adsnote = {Provided by the SAO/NASA Astrophysics Data System}
}

@inproceedings{Vincent:2008:ECR:1390156.1390294,
 author = {Vincent, Pascal and Larochelle, Hugo and Bengio, Yoshua and Manzagol, Pierre-Antoine},
 title = {Extracting and Composing Robust Features with Denoising Autoencoders},
 booktitle = {Proceedings of the 25th International Conference on Machine Learning},
 series = {ICML '08},
 year = {2008},
 isbn = {978-1-60558-205-4},
 location = {Helsinki, Finland},
 pages = {1096--1103},
 numpages = {8},
 url = {http://doi.acm.org/10.1145/1390156.1390294},
 doi = {10.1145/1390156.1390294},
 acmid = {1390294},
 publisher = {ACM},
 address = {New York, NY, USA},
} 

@ARTICLE{2015arXiv150900519B,
       author = {{Burda}, Yuri and {Grosse}, Roger and {Salakhutdinov}, Ruslan},
        title = "{Importance Weighted Autoencoders}",
      journal = {arXiv e-prints},
     keywords = {Computer Science - Machine Learning, Statistics - Machine Learning},
         year = "2015",
        month = "Sep",
          eid = {arXiv:1509.00519},
        pages = {arXiv:1509.00519},
archivePrefix = {arXiv},
       eprint = {1509.00519},
 primaryClass = {cs.LG},
       adsurl = {https://ui.adsabs.harvard.edu/abs/2015arXiv150900519B},
      adsnote = {Provided by the SAO/NASA Astrophysics Data System}
}

@ARTICLE{2016arXiv160604934K,
       author = {{Kingma}, Diederik P. and {Salimans}, Tim and {Jozefowicz}, Rafal and
         {Chen}, Xi and {Sutskever}, Ilya and {Welling}, Max},
        title = "{Improving Variational Inference with Inverse Autoregressive Flow}",
      journal = {arXiv e-prints},
     keywords = {Computer Science - Machine Learning, Statistics - Machine Learning},
         year = "2016",
        month = "Jun",
          eid = {arXiv:1606.04934},
        pages = {arXiv:1606.04934},
archivePrefix = {arXiv},
       eprint = {1606.04934},
 primaryClass = {cs.LG},
       adsurl = {https://ui.adsabs.harvard.edu/abs/2016arXiv160604934K},
      adsnote = {Provided by the SAO/NASA Astrophysics Data System}
}

@ARTICLE{2016arXiv161102731C,
       author = {{Chen}, Xi and {Kingma}, Diederik P. and {Salimans}, Tim and
         {Duan}, Yan and {Dhariwal}, Prafulla and {Schulman}, John and
         {Sutskever}, Ilya and {Abbeel}, Pieter},
        title = "{Variational Lossy Autoencoder}",
      journal = {arXiv e-prints},
     keywords = {Computer Science - Machine Learning, Statistics - Machine Learning},
         year = "2016",
        month = "Nov",
          eid = {arXiv:1611.02731},
        pages = {arXiv:1611.02731},
archivePrefix = {arXiv},
       eprint = {1611.02731},
 primaryClass = {cs.LG},
       adsurl = {https://ui.adsabs.harvard.edu/abs/2016arXiv161102731C},
      adsnote = {Provided by the SAO/NASA Astrophysics Data System}
}




% ------------------------------------------------------------------------
